@BOOK{ippolito17,
  TITLE = {Satellite Communications Systems Engineering Atmospheric Effects, Satellite Link Design and System Performance},
  AUTHOR = {Ippolito, Louis J.},
  YEAR = {2017},
  PUBLISHER = {Wiley},
}
@book{Maral2017,
author = {Maral GÃ©rard, Bosquet Michel},
title = {{Satellite communications systems. Systems, techniques and technologies}},
publisher = {Wiley},
year = {2009},
}
